@online{nodejs_tutorials,
  title     = {Node.js Tutorials for Beginners-Whole series},
  organization = {Youtube},
  year      = {2025},
  url       = {https://www.youtube.com/playlist?list=PL0Zuz27SZ-6PFkIxaJ6Xx_X46avTM1aYw},
  note      = {Citováno 27. 1. 2025}
}

@online{tailwind_responsive,
  title     = {The BEST Way to Create Responsive Design with Tailwind CSS (2023)},
  organization = {Youtube},
  year      = {2025},
  url       = {https://www.youtube.com/watch?v=PuovsjZN11Y&ab_channel=Lukas%7CWebDevelopment%26Design},
  note      = {Citováno 27. 1. 2025}
}

@online{tailwind_navbar,
  title     = {How to make a responsive navbar with tailwind css},
  organization = {Youtube},
  year      = {2025},
  url       = {https://www.youtube.com/watch?v=vYowvsUiChs&ab_channel=CodeAProgram},
  note      = {Citováno 27. 1. 2025}
}

@online{latlong_to_address,
  title     = {How will we convert latitude and longitude to the address in web site?},
  organization = {Stack Overflow},
  year      = {2025},
  url       = {https://stackoverflow.com/questions/41329323/how-will-we-convert-latitude-and-longitude-to-the-address-in-web-site},
  note      = {Citováno 27. 1. 2025}
}

@online{chartjs_tutorial,
  title     = {How to Use Chart.js?},
  organization = {W3schools},
  year      = {2025},
  url       = {https://www.w3schools.com/ai/ai_chartjs.asp},
  note      = {Citováno 27. 1. 2025}
}

@online{chartjs_legend,
  title     = {Legend | Chart.js},
  organization = {Chart.js},
  year      = {2025},
  url       = {https://www.chartjs.org/docs/latest/configuration/legend.html},
  note      = {Citováno 27. 1. 2025}
}

@online{mongodb_mongoose,
  title     = {Intro to MongoDB and Mongoose},
  organization = {Youtube},
  year      = {2025},
  url       = {https://www.youtube.com/watch?v=-PdjUx9JZ2E},
  note      = {Citováno 27. 1. 2025}
}

@online{nodejs_jwt_mongodb,
  title     = {Node JS Register and Login API using JWT + MongoDB},
  organization = {Youtube},
  year      = {2025},
  url       = {https://youtu.be/ZEg03f1o_vQ?si=05RuG_nl9fgnslp5},
  note      = {Citováno 27. 1. 2025}
}

@online{jwt_auth_tutorial,
  title     = {JWT Authentication Tutorial - Node.js},
  organization = {Youtube},
  year      = {2025},
  url       = {https://www.youtube.com/watch?v=mbsmsi7l3r4},
  note      = {Citováno 27. 1. 2025}
}

@online{multer_file_upload,
  title     = {How to Upload Files in Node.js Using Express and Multer},
  organization = {Youtube},
  year      = {2025},
  url       = {https://www.youtube.com/watch?v=i8yxx6V9UdM},
  note      = {Citováno 27. 1. 2025}
}

@online{mongodb_express_connection,
  title     = {Connect MongoDB with Node.js using mongoose | MongoDB + Express.js},
  organization = {Youtube},
  year      = {2025},
  url       = {https://www.youtube.com/watch?v=30p9QfybWZg},
  note      = {Citováno 27. 1. 2025}
}

@online{javascript_modal,
  title     = {How to Build a Modal with JavaScript},
  organization = {Free Code Camp},
  year      = {2025},
  url       = {https://www.freecodecamp.org/news/how-to-build-a-modal-with-javascript/},
  note      = {Citováno 27. 1. 2025}
}

@online{nodejs_https_server,
  title     = {How to Create HTTPS Server with Node.js ? - GeeksforGeeks},
  organization = {Geeks For Geeks},
  year      = {2025},
  url       = {https://www.geeksforgeeks.org/how-to-create-https-server-with-node-js},
  note      = {Citováno 27. 1. 2025}
}

@online{latlong_distance_calculation,
  title     = {Calculate distance, bearing and more between Latitude/Longitude points},
  organization = {Movable Type Scripts},
  year      = {2025},
  url       = {https://www.movable-type.co.uk/scripts/latlong.html},
  note      = {Citováno 27. 1. 2025}
}

@online{geoapify_geocoding,
  title     = {Geocoding API Javascript Tutorial | Geoapify},
  organization = {Geoapify},
  year      = {2025},
  url       = {https://www.geoapify.com/tutorial/how-to-implement-geocoding-javascript-tutorial/},
  note      = {Citováno 27. 1. 2025}
}

@online{nodejs_nodemailer_tutorial,
  title     = {How to Send Email Using Nodemailer in Node.js | Node.js Email Tutorial},
  organization = {Youtube},
  year      = {2025},
  url       = {https://www.youtube.com/watch?v=fF-07yFTq5o},
  note      = {Citováno 27. 1. 2025}
}

@online{mailtrap_nodemailer,
  title     = {Nodemailer: Tutorial with Code Snippets [2025]},
  organization = {Mailtrap},
  year      = {2025},
  url       = {https://mailtrap.io/blog/sending-emails-with-nodemailer/},
  note      = {Citováno 27. 1. 2025}
}

@online{responsive_modal_images,
  title     = {How to Create Responsive Modal Images using CSS + JavaScript?},
  organization = {Geeks For Geeks},
  year      = {2025},
  url       = {https://www.geeksforgeeks.org/how-to-create-responsive-modal-images-using-css-javascript/},
  note      = {Citováno 27. 1. 2025}
}

@online{gsap_mouse_wheel_scroll,
  title     = {Remove mouse wheel scroll, use draggable only},
  organization = {Green Sock},
  year      = {2025},
  url       = {https://gsap.com/community/forums/topic/33265-remove-mouse-wheel-scroll-use-draggable-only/},
  note      = {Citováno 27. 1. 2025}
}

@online{html_favicon,
  title     = {HTML Favicon},
  organization = {Geeks For Geeks},
  year      = {2025},
  url       = {https://www.geeksforgeeks.org/html-favicon/},
  note      = {Citováno 27. 1. 2025}
}

@online{polarni_zare_wiki,
  title     = {Polární záře},
  organization = {Wikipedia},
  year      = {2025},
  url       = {https://cs.wikipedia.org/wiki/Polarni_zare},
  note      = {Citováno 27. 1. 2025}
}

@online{multer_npm,
  title     = {Multer},
  organization = {npmjs},
  year      = {2025},
  url       = {https://www.npmjs.com/package/multer},
  note      = {Citováno 27. 1. 2025}
}

@online{multer_file_upload_tutorial,
  title     = {Uploading files with Node.js + Express using Multer},
  organization = {Youtube},
  year      = {2025},
  url       = {https://www.youtube.com/watch?v=3DrZDvimkCE},
  note      = {Citováno 27. 1. 2025}
}

@online{mongodb_total_likes,
  title     = {Getting total number of likes that user received by going through all his/her posts MongoDB},
  organization = {Stack Overflow},
  year      = {2025},
  url       = {https://stackoverflow.com/questions/67041928/},
  note      = {Citováno 27. 1. 2025}
}

@online{nodejs_error_handling,
  title     = {Error Handling in NodeJS (Complete Guide) | Node Tutorial},
  organization = {Youtube},
  year      = {2025},
  url       = {https://www.youtube.com/watch?v=mGPj-pCGS2c},
  note      = {Citováno 27. 1. 2025}
}

@online{javascript_error_display,
  title     = {How to display error without alert box using JavaScript},
  organization = {Geeks For Geeks},
  year      = {2025},
  url       = {https://www.geeksforgeeks.org/how-to-display-error-without-alert-box-using-javascript/},
  note      = {Citováno 27. 1. 2025}
}

@online{javascript_fetch_json,
  title     = {Read JSON File into HTML with JavaScript Fetch API},
  organization = {Youtube},
  year      = {2025},
  url       = {https://www.youtube.com/watch?v=Oage6H4GX2o},
  note      = {Citováno 27. 1. 2025}
}

@online{mvc_pattern,
  title     = {MVC Pattern Explained Easy | MVC Tutorial (Example in NodeJS)},
  organization = {Youtube},
  year      = {2025},
  url       = {https://www.youtube.com/watch?v=bQuBlR0T5cc},
  note      = {Citováno 27. 1. 2025}
}

@online{northern_lights_space,
  title     = {Where and when to see the northern lights in 2025},
  organization = {Space},
  year      = {2025},
  url       = {https://www.space.com/32601-where-to-see-northern-lights.html},
  note      = {Citováno 27. 1. 2025}
}

@online{northern_lights_discover,
  title     = {Northern Lights | When and where to see the Aurora Borealis},
  organization = {Discover the world},
  year      = {2025},
  url       = {https://www.discover-the-world.com/northern-lights/},
  note      = {Citováno 27. 1. 2025}
}

@online{northern_lights_photography,
  title     = {How to Photograph the Northern Lights (Aurora Borealis)?},
  author    = {Mikko Lagersted},
  year      = {2025},
  url       = {https://mikkolagerstedt.com/blog//how-to-photograph-the-northern-lights-aurora-borealis},
  note      = {Citováno 27. 1. 2025}
}

@online{google_maps_infowindow,
  title     = {Change Google Maps Infowindow Close Icon},
  organization = {Stack Overflow},
  year      = {2025},
  url       = {https://stackoverflow.com/questions/1614586/},
  note      = {Citováno 27. 1. 2025}
}

@online{chartjs_bar,
  title     = {Bar Chart},
  organization = {Chartjs.org},
  year      = {2025},
  url       = {https://www.chartjs.org/docs/latest/charts/bar.html},
  note      = {Citováno 27. 1. 2025}
}


@online{openweather_doc,
  title     = {OpenWeatherMap API},
  organization = {Open Weather},
  year      = {2025},
  url       = {https://openweathermap.org/current},
  note      = {Citováno 27. 1. 2025}
}


@online{pexels,
  title     = {Home page background picture},
  organization = {Pexels},
  year      = {2025},
  url       = {https://www.pexels.com/photo/time-lapse-photo-of-northern-lights-1933316/},
  note      = {Citováno 27. 1. 2025}
}

